<?xml version="1.0" encoding="UTF-8"?><collection xmlns="http://www.loc.gov/MARC21/slim"><record><leader>00396nam--2200133-i-4500</leader><controlfield tag="001">000023330</controlfield><controlfield tag="002">20161230</controlfield><controlfield tag="005">20161230201035</controlfield><controlfield tag="008">060222s1000------------r-----000-0-eng-d</controlfield><datafield ind1=" " ind2=" " tag="080"><subfield code="a">621.397(061.3):629.19(061.3)</subfield></datafield><datafield ind1=" " ind2=" " tag="245"><subfield code="a">International broadcasting convention. 9th-13th september, 1968, part 1</subfield></datafield><datafield ind1=" " ind2=" " tag="260"><subfield code="a">London, Institution Of Electrical Engineers, 1968, P.Dif</subfield></datafield><datafield ind1=" " ind2=" " tag="490"><subfield code="a">46</subfield></datafield><datafield ind1=" " ind2=" " tag="852"><subfield code="a">39528</subfield></datafield></record></collection>